<?xml version="1.0" encoding="UTF-8"?><collection xmlns="http://www.loc.gov/MARC21/slim"><record><leader>00624nam--2200169-i-4500</leader><controlfield tag="001">000020268</controlfield><controlfield tag="002">20161230</controlfield><controlfield tag="005">20161230201033</controlfield><controlfield tag="008">060222s1000------------r-----000-0-eng-d</controlfield><datafield ind1=" " ind2=" " tag="040"><subfield code="a">IFIN-HH</subfield></datafield><datafield ind1=" " ind2=" " tag="080"><subfield code="a">539.172.17:061.3</subfield></datafield><datafield ind1="1" ind2=" " tag="100"><subfield code="a">Lepage, F</subfield></datafield><datafield ind1="1" ind2="0" tag="245"><subfield code="a">Conference internationale sur les approaches theoriques des mecanismes de reactions entre ions lourds, paris, 14-18 mai 1984, communications</subfield><subfield code="b">International conference on theoretical approaches to heavy ion reactions mechanisms</subfield><subfield code="c">F. lepage (ed.)</subfield></datafield><datafield ind1=" " ind2=" " tag="260"><subfield code="a">Gif-sur-yvette</subfield><subfield code="b">Cen</subfield><subfield code="c">1984</subfield></datafield><datafield ind1=" " ind2=" " tag="300"><subfield code="a">181 P</subfield></datafield><datafield ind1=" " ind2=" " tag="852"><subfield code="a">72074</subfield><subfield code="c">539.17</subfield></datafield><datafield ind1=" " ind2=" " tag="CAT"><subfield code="a">Sys</subfield><subfield code="c">20120622</subfield><subfield code="h">134643</subfield></datafield></record></collection>